@ARTICLE{mitchell:mapping,
	AUTHOR = "Dom Brown and Dan Trueman and Tom Mitchell",
	TITLE = "Understanding User-Defined Mapping Design in Mid-Air Musical Performance",
	JOURNAL = "Proceedings of the 5th International Conference on Movement and Computing",
	YEAR = {2018}	}

@ARTICLE{fiebrink:wekinator,
	AUTHOR = "Rebecca Fiebrink and Dan Trueman and Perry R. Cook",
	TITLE = "A Meta-Instrument for Interactive, On-the-fly Machine Learning",
	JOURNAL = "Proceedings of the International Conference on New Interfaces for Musical Expression",
	YEAR = {2009}	}

@ARTICLE{gillian:toolkit,
	AUTHOR = "Nicholas Gillian and Joseph A. Paradiso",
	TITLE = "The Gesture Recognition Toolkit",
	JOURNAL = "Journal of MAchine Learning Research",
	YEAR = {2014}	}

@ARTICLE{bullock:mllib,
	AUTHOR = "James Bullock and Ali Momeni",
	TITLE = "ml.lib: Robust, Cross-platform, Open-source Machine Learning for Max and Pure Data",
	JOURNAL = "Proceedings of the International Conference on New Interfaces for Musical Expression",
	YEAR = {2015}}

@ARTICLE{mcpherson:pipeline,
	AUTHOR = "Teresa Pelinski and Rodrigo Diaz and Adán L. Benito Temprano and Andrew McPherson",
	TITLE = "Pipeline for recording datasets and running neural networks on the Bela embedded hardware platform",
	JOURNAL = "Proceedings of the International Conference on New Interfaces for Musical Expression",
	YEAR = {2023}	}

@ARTICLE{caramiaux:nimeml,
	AUTHOR = "Théo Jourdan and Baptiste Caramiaux",
	TITLE = "Machine Learning for Musical Expression: A Systematic Literature Review",
	JOURNAL = "Proceedings of the International Conference on New Interfaces for Musical Expression",
	YEAR = {2023}	}